


@article{Doe2024,
  author    = {John Doe and Jane Smith},
  title     = {A Comprehensive Analysis of Lorem Ipsum in Scientific Research},
  journal   = {Journal of Placeholder Studies},
  year      = {2024},
  volume    = {42},
  number    = {1},
  pages     = {1--15},
  month     = {January},
  publisher = {Fictitious Press},
  doi       = {10.1234/jps.v42i1.1234}
}
